% !Mode:: "TeX:UTF-8"

%[1] 王浩刚，聂在平.三维矢量散射积分方程中奇异性分析[J].电子学报，1999, 27(12): 68-71
@thesis{1-1,
  AUTHOR =       {Marr},
  TITLE =        {Vision Computing Theory.},
  school =       {Higher Education Press},
  YEAR =         {1988},
  language =     {Chinese}
}
@thesis{A-1,
  AUTHOR =       {荆鑫},
  TITLE =        {计算机视觉中双目立体匹配技术的研究},
  school =       {南京理工大学},
  YEAR =         {2013},
  language =     {Chinese}
}
@thesis{A-2,
  AUTHOR =       {胡汉平},
  TITLE =        {双目立体测距关键技术研究},
  school =       {中国科学院},
  YEAR =         {2014},
  language =     {Chinese}
}
@thesis{A-13,
  AUTHOR =       {裴聪},
  TITLE =        {基于计算机视觉中双目立体匹配技术研究},
  school =       {江苏大学},
  YEAR =         {2010},
  language =     {Chinese}
}

@thesis{A-3,
  AUTHOR =       {马源},
  TITLE =        {基于双目立体视觉的深度感知技术研究},
  school =       {北京理工大学},
  YEAR =         {2015},
  language =     {Chinese}
}

%[2] X. F. Liu, B. Z. Wang, W. Shao. A marching-on-in-order scheme for exact attenuation constant extraction of lossy transmission lines[C]. China-Japan Joint Microwave Conference Proceedings, Chengdu, 2006, 527-529

@book{A-4,
  title={学习OpenCV},
  author={Gary Bradski and Adrian Kaebler},
  year={2009},
  address={北京},
  publisher={清华大学出版社},
  language =     {Chinese}
}
@book{A-5,
  title={深入理解OpenCV——实用计算机视觉项目解析},
  author={刘波译},
  year={2014},
  address={北京},
  publisher={机械工业出版社},
  language =     {Chinese}
}
@book{A-8,
  title={计算机视觉-算法与应用},
  author={Richard and Szeliski},
  year={2012},
  address={北京},
  publisher={清华大学出版社},
  language =     {Chinese}
}
%[4] 陈念永.毫米波细胞生物效应及抗肿瘤研究[D].成都：电子科技大学，2001, 50-60
@thesis{A-6,
  AUTHOR =       {许雯},
  TITLE =        {立体视觉中局部立体匹配算法研究},
  school =       {西安电子科技大学},
  YEAR =         {2014},
  language =     {Chinese}
}
@thesis{A-15,
  AUTHOR =       {张正友},
  TITLE =        {A Flexible New Technique for Camera Calibration},
  school =       {浙江大学},
  YEAR =         {1998},
  language =     {Chinese}
}

@digital{A-7,
  author =       {RedMud},
  title =        {立体匹配十大概念综述-立体匹配算法介绍},
  TypeofLit =    {EB/OL},
  date=          {2016},
  url =          {https://zhuanlan.zhihu.com/p/20703577},
  language =     {}
}
@digital{A-14,
  author =       {查志强},
  title =        {OpenCV三种立体匹配求视差图算法总结},
  TypeofLit =    {EB/OL},
  date=          {2016},
  url =          {http://blog.csdn.net/zhazhiqiang/article/details/50595850},
  language =     {}
}

@conference{A-9,
  author =       {Dang Khanh Hoa and Le Dung and Nguyen Tien Dzung},
  title =        {Efficient determination of disparity map from stereo images with modified Sum of Absolute Differences (SAD) algorithm},
  year =         {2014},
  address =      {Vietnam},
  publisher =    {Hanoi University of Science and Technology}
}

@thesis{A-30,
  AUTHOR =       {于舒春},
  TITLE =        {双目立体视觉和三维重建关键技术研究},
  school =       {哈尔滨工业大学},
  YEAR =         {2008},
  language =     {Chinese}
}
@thesis{A-31,
  AUTHOR =       {孟晓桥 and 胡占义},
  TITLE =        {摄像机自标定方法的研究与进展},
  school =       {自动化学报},
  YEAR =         {2003},
  language =     {Chinese}
}
@thesis{A-32,
  AUTHOR =       {Daniel Scharstein and Richard Szeliski},
  TITLE =        {A Taxonomy and Evaluation of Dense Two-    
Frame Stereo Correspondence Algorithms},
  school =       {Springer},
  YEAR =         {2002},
  language =     {Chinese}
}
@thesis{A-33,
  AUTHOR =       {M. Humenberger and C. Zinner and M. Weber and W. Kubinger and M. Vincze},
  TITLE =        {A fast stereo 
matching algorithm suitable for embedded real-time systems},
  school =       {CVIU},
  YEAR =         {2010},
  language =     {Chinese}
}
@thesis{A-34,
  AUTHOR =       {刘小群},
  TITLE =        {基于立体视觉的立体匹配算法研究},
  school =       {中南大学},
  YEAR =         {2011},
  language =     {Chinese}
}
@thesis{A-35,
  AUTHOR =       {王逸林},
  TITLE =        {基于区域匹配算法的双目立体匹配技术的研究},
  school =       {大连海事大学},
  YEAR =         {2012},
  language =     {Chinese}
}
@thesis{A-36,
  AUTHOR =       {N. Barzigar and A. Roozgard and S. Cheng and P. Verma},
  TITLE =        {Dense image registration using 
sparse coding and belief propagation},
  school =       {JVIS},
  YEAR =         {2012},
  language =     {Chinese}
}
@thesis{A-37,
  AUTHOR =       {Kuk-Jin Yoon and In-So Kweon},
  TITLE =        {Locally Adaptive Support-Weight Approach for 
Visual Correspondence Search},
  school =       {IEEE},
  YEAR =         {2005},
  language =     {Chinese}
}
@thesis{A-38,
  AUTHOR =       {Z.Lee and J.Juang and T.Nguyen},
  TITLE =        {Local  disparity  estimation  with  three-moded 
cross census and advanced support weight},
  school =       {IEEE},
  YEAR =         {2013},
  language =     {Chinese}
}

